01REMESSA01COBRANCA       00000041197066000109FUNDO EXEMPLO LTDA            104PICPAY         26032025     SFR000000126032025S1CCB1                                                                                                                                                                                                                                                                                                                                                                           000001
10241197066000109CCB000000001000000       00000TITULO-001               0000000000000000000000000000015000501506202400000000  0000000000000115122025000000200000000000000          70A01032025000000000000000000000000000000000000000000001850075000000000000000000000000100012345678901JOAO DA SILVA                           RUA EXEMPLO 123 CENTRO                              01001000000000000000000000000000000                                        000000000000000000000000000000000000000000P    000002
9                                                                                                                                                                                                                                                                                                                                                                                                                                                                                                             000003